<record><leader>00000cas a22000007a 4500</leader><controlfield tag="001">9715049</controlfield><controlfield tag="008">830719d187319uumauwr ne      0    0eng d</controlfield><datafield ind1=" " ind2=" " tag="010"><subfield code="a">sn 83021027 </subfield></datafield><datafield ind1=" " ind2=" " tag="040"><subfield code="a">NPX</subfield><subfield code="b">eng</subfield><subfield code="c">NPX</subfield><subfield code="d">MGN</subfield><subfield code="d">OCLCQ</subfield></datafield><datafield ind1=" " ind2=" " tag="042"><subfield code="a">msc</subfield></datafield><datafield ind1="0" ind2=" " tag="130"><subfield code="a">Mansfield news (Mansfield, Mass. : 1873)</subfield></datafield><datafield ind1="1" ind2="0" tag="245"><subfield code="a">Mansfield news.</subfield></datafield><datafield ind1="3" ind2="0" tag="246"><subfield code="a">Mansfield news and Foxboro times</subfield></datafield><datafield ind1=" " ind2=" " tag="260"><subfield code="a">Mansfield, Mass. :</subfield><subfield code="b">Pratt &amp; Clarke</subfield></datafield><datafield ind1=" " ind2=" " tag="300"><subfield code="a">v.</subfield></datafield><datafield ind1=" " ind2=" " tag="310"><subfield code="a">Weekly</subfield></datafield><datafield ind1="0" ind2=" " tag="362"><subfield code="a">New ser., vol. 1, no. 1 (Mar. 28, 1873)-v. 36, no. 52 (Mar. 19, 1909).</subfield></datafield><datafield ind1=" " ind2=" " tag="500"><subfield code="a">Published as: Mansfield news and the Foxboro times, &lt;Jan. 1-Mar. 4, 1904&gt;.</subfield></datafield><datafield ind1=" " ind2=" " tag="752"><subfield code="a">United States</subfield><subfield code="b">Massachusetts</subfield><subfield code="c">Bristol</subfield><subfield code="d">Mansfield.</subfield></datafield><datafield ind1="0" ind2="7" tag="785"><subfield code="t">Foxboro times</subfield><subfield code="w">(DLC)sn 83020080</subfield></datafield><datafield ind1="0" ind2="7" tag="785"><subfield code="t">Mansfield news and Foxboro times</subfield><subfield code="w">(DLC)sn 89062374</subfield></datafield></record>